
%% IEEEexample.bib 
%% V1.10 
%% 2002/09/27
%% Copyright (c) 2002 by Michael Shell
%% mshell(at)ece.gatech.edu
%% See support website below for current contact information.
%% 
%% NOTE: This text file uses MS Windows line feed conventions. When (human)
%% reading this file on other platforms, you may have to use a text
%% editor that can handle lines terminated by the MS Windows line feed
%% characters (0x0D 0x0A).
%% 
%% This is an example BibTeX database for the official IEEEtran.bst
%% BibTeX style file.
%% 
%% Some entries call strings that are defined in the IEEEabrv.bib file.
%% Therefore, IEEEabrv.bib should be loaded prior to this file. 
%% Usage: 
%% 
%% \bibliographystyle{./IEEEtran} % use IEEEtran.bst style
%% \bibliography{./IEEEabrv,./IEEEexample}
%% 
%% 
%% Support sites:
%% http://www.ctan.org/tex-archive/macros/latex/contrib/supported/IEEEtran/ 
%% and/or
%% http://www.ieee.org
%%**********************************************************************
%% Legal Notice:
%% This code is offered as-is without any warranty either expressed or
%% implied; without even the implied warranty of MERCHANTABILITY or
%% FITNESS FOR A PARTICULAR PURPOSE!
%% User assumes all risk.
%% In no event shall IEEE or any contributor to this code be liable for
%% any damages or losses, including, but not limited to, incidental,
%% consequential, or any other damages, resulting from the use or misuse
%% of any information contained here.
%%
%% This code is distributed under the Perl Artistic License 
%% ( http://language.perl.com/misc/Artistic.html ) 
%% and may be freely used, distributed and modified - subject to the
%% constraints therein.
%% Retain all contribution notices, credits and disclaimers.
%% 
%% All comments are the opinions of their respective authors and are not
%% necessarily endorsed by the IEEE.
%%**********************************************************************


% Note that, because the example references were taken from actual IEEE
% publications, these examples do not always contain the full amount
% of information that may be desirable (for use with other BibTeX styles).
% In particular, full names (not abbreviated with initials) should be
% entered whenever possible as some (non-IEEE) bibliography styles use
% full names. IEEEtran.bst will automatically abbreviate when it
% encounters full names.
 
 
 
 
% references for the IEEEtran.bst documentation
% the distribution site for IEEEtran.bst

@inproceedings{ratliff2006maximum,
  title={Maximum margin planning},
  author={Ratliff, Nathan D and Bagnell, J Andrew and Zinkevich, Martin A},
  booktitle={Proceedings of the 23rd international conference on Machine learning},
  pages={729--736},
  year={2006},
  organization={ACM}
}

@article{kalman1964linear,
  title={When is a linear control system optimal?},
  author={Kalman, Rudolf Emil},
  journal={Journal of Basic Engineering},
  volume={86},
  number={1},
  pages={51--60},
  year={1964},
  publisher={American Society of Mechanical Engineers}
}
@inproceedings{ziebart2008maximum,
  title={Maximum Entropy Inverse Reinforcement Learning.},
  author={Ziebart, Brian D and Maas, Andrew L and Bagnell, J Andrew and Dey, Anind K},
  booktitle={AAAI},
  pages={1433--1438},
  year={2008}
}

@inproceedings{abbeel2004apprenticeship,
  title={Apprenticeship learning via inverse reinforcement learning},
  author={Abbeel, Pieter and Ng, Andrew Y},
  booktitle={Proceedings of the twenty-first International Conference on Machine Learning (ICML)},
  pages={1},
  year={2004},
  organization={ACM}
}


@article{ratliff2009learning,
  title={Learning to search: structured prediction techniques for imitation learning},
  author={Ratliff, Nathan D and Kuffner, James and Ng, Andrew},
  year={2009},
  publisher={Citeseer}
}

@inproceedings{levine2011nonlinear,
  title={Nonlinear inverse reinforcement learning with Gaussian processes},
  author={Levine, Sergey and Popovic, Zoran and Koltun, Vladlen},
  booktitle={Advances in Neural Information Processing Systems},
  pages={19--27},
  year={2011}
}

@article{argall2009survey,
  title={A survey of robot learning from demonstration},
  author={Argall, Brenna D and Chernova, Sonia and Veloso, Manuela and Browning, Brett},
  journal={Robotics and autonomous systems},
  volume={57},
  number={5},
  pages={469--483},
  year={2009},
  publisher={Elsevier}
}

@inproceedings{byravan2015graph,
  title={Graph-based inverse optimal control for robot manipulation},
  author={Byravan, Arunkumar and Monfort, Mathew and Ziebart, Brian and Boots, Byron and Fox, Dieter},
  booktitle={Proceedings of the International Joint Conference on Artificial Intelligence},
  year={2015}
}

@inproceedings{ratliff2009chomp,
  title={CHOMP: Gradient optimization techniques for efficient motion planning},
  author={Ratliff, Nathan and Zucker, Matt and Bagnell, J Andrew and Srinivasa, Siddhartha},
  booktitle={Robotics and Automation, 2009. ICRA'09. IEEE International Conference on},
  pages={489--494},
  year={2009},
  organization={IEEE}
}
@article{okallearning,
  title={Learning Socially Normative Robot Navigation Behaviors with Bayesian Inverse Reinforcement Learning},
  author={Okal, Billy and Arras, Kai O}
}

@phdthesis{ziebart2010modelingthesis,
  title={Modeling purposeful adaptive behavior with the principle of maximum causal entropy},
  author={Ziebart, Brian D},
  year={2010},
  school={Carnegie Mellon University}
}

@article{ratliff2007boosting,
  title={Boosting structured prediction for imitation learning},
  author={Ratliff, Nathan and Bradley, David and Bagnell, J Andrew and Chestnutt, Joel},
  journal={Robotics Institute},
  pages={54},
  year={2007}
}
@inproceedings{ratliff2009inverse,
  title={Inverse optimal heuristic control for imitation learning},
  author={Ratliff, Nathan and Ziebart, Brian and Peterson, Kevin and Bagnell, J Andrew and Hebert, Martial and Dey, Anind K and Srinivasa, Siddhartha},
  year={2009},
  organization={AISTATS}
}
@article{ramachandran2007bayesian,
  title={Bayesian inverse reinforcement learning},
  author={Ramachandran, Deepak and Amir, Eyal},
  journal={Urbana},
  volume={51},
  pages={61801},
  year={2007}
}

@inproceedings{2012-cioc,
    author = {Sergey Levine and Vladlen Koltun},
    title = {Continuous Inverse Optimal Control with Locally Optimal Examples},
    booktitle = {ICML '12: Proceedings of the 29th International Conference on Machine Learning},
    year = {2012},
}

@inproceedings{henry2010learning,
  title={Learning to navigate through crowded environments},
  author={Henry, Peter and Vollmer, Christian and Ferris, Brian and Fox, Dieter},
  booktitle={Proceedings of the IEEE International Conference on Robotics \& Automation (ICRA)},
  pages={981--986},
  year={2010},
  organization={IEEE}
}

@inproceedings{vasquez2014inverse,
  title={Inverse Reinforcement Learning algorithms and features for robot navigation in crowds: An experimental comparison},
  author={Vasquez, Dizan and Okal, Billy and Arras, Kai O},
  booktitle={Proceedings of Intelligent Robots and Systems (IROS 2014)},
  pages={1341--1346},
  year={2014},
  organization={IEEE}
}


@inproceedings{ng2000algorithms,
  title={Algorithms for inverse reinforcement learning.},
  author={Ng, Andrew Y and Russell, Stuart J and others},
  booktitle={Proceedings of the International Conference on Machine Learning (ICML)},
  pages={663--670},
  year={2000}
}

@inproceedings{choi2015,
  title={Leveraged non-stationary Gaussian process regression for autonomous robot navigation},
  author={Sungjoon, Choi and  Eunwoo, Kim and Kyungjae, Lee and Songhwai, Oh},
  booktitle={Proceedings of the IEEE International Conference on Robotics \& Automation (ICRA)},
  year={2015}
}

@article{grollman2012robot,
  title={Robot learning from failed demonstrations},
  author={Grollman, Daniel H and Billard, Aude G},
  journal={International Journal of Social Robotics},
  volume={4},
  number={4},
  pages={331--342},
  year={2012},
  publisher={Springer}
}

@article{jaynes1957information,
  title={Information theory and statistical mechanics},
  author={Jaynes, Edwin T},
  journal={Physical review},
  volume={106},
  number={4},
  pages={620},
  year={1957},
  publisher={APS}
}

@article{gammell2014informed,
  title={Informed RRT*: Optimal sampling-based path planning focused via direct sampling of an admissible ellipsoidal heuristic},
  author={Gammell, Jonathan D and Srinivasa, Siddhartha S and Barfoot, Timothy D},
  journal={arXiv preprint arXiv:1404.2334},
  year={2014}
}

@book{sutton1998reinforcement,
  title={Reinforcement learning: An introduction},
  author={Sutton, Richard S and Barto, Andrew G},
  volume={1},
  year={1998},
  publisher={MIT press Cambridge}
}

@inproceedings{vasquez2014inverse,
  title={Inverse reinforcement learning algorithms and features for robot navigation in crowds: an experimental comparison},
  author={Vasquez, Dizan and Okal, Billy and Arras, Kai O},
  booktitle={Intelligent Robots and Systems (IROS 2014), 2014 IEEE/RSJ International Conference on},
  pages={1341--1346},
  year={2014},
  organization={IEEE}
}

@article{neu2009training,
  title={Training parsers by inverse reinforcement learning},
  author={Neu, Gergely and Szepesv{\'a}ri, Csaba},
  journal={Machine learning},
  volume={77},
  number={2-3},
  pages={303--337},
  year={2009},
  publisher={Springer}
}

@inproceedings{abbeel2008apprenticeship,
  title={Apprenticeship learning for motion planning with application to parking lot navigation},
  author={Abbeel, Pieter and Dolgov, Dmitri and Ng, Andrew Y and Thrun, Sebastian},
  booktitle={Intelligent Robots and Systems, 2008. IROS 2008. IEEE/RSJ International Conference on},
  pages={1083--1090},
  year={2008},
  organization={IEEE}
}

@inproceedings{kuderer2015learning,
  title={Learning driving styles for autonomous vehicles from demonstration},
  author={Kuderer, Markus and Gulati, Shilpa and Burgard, Wolfram},
  booktitle={Proceedings of the IEEE International Conference on Robotics \& Automation (ICRA), Seattle, USA},
  volume={134},
  year={2015}
}
@inproceedings{pacchierotti2006embodied,
  title={Embodied social interaction for service robots in hallway environments},
  author={Pacchierotti, Elena and Christensen, Henrik I and Jensfelt, Patric},
  booktitle={Field and Service Robotics},
  pages={293--304},
  year={2006},
  organization={Springer}
}

@article{ziebart2013principle,
  title={The principle of maximum causal entropy for estimating interacting processes},
  author={Ziebart, Brian D and Bagnell, J Andrew and Dey, Anind K},
  journal={Information Theory, IEEE Transactions on},
  volume={59},
  number={4},
  pages={1966--1980},
  year={2013},
  publisher={IEEE}
}

@inproceedings{babes2011apprenticeship,
  title={Apprenticeship learning about multiple intentions},
  author={Babes, Monica and Marivate, Vukosi and Subramanian, Kaushik and Littman, Michael L},
  booktitle={Proceedings of the 28th International Conference on Machine Learning (ICML-11)},
  pages={897--904},
  year={2011}
}

@inproceedings{syed2007game,
  title={A game-theoretic approach to apprenticeship learning},
  author={Syed, Umar and Schapire, Robert E},
  booktitle={Advances in neural information processing systems},
  pages={1449--1456},
  year={2007}
}

@incollection{dimitrakakis2012bayesian,
  title={Bayesian multitask inverse reinforcement learning},
  author={Dimitrakakis, Christos and Rothkopf, Constantin A},
  booktitle={Recent Advances in Reinforcement Learning},
  pages={273--284},
  year={2012},
  publisher={Springer}
}

@incollection{rothkopf2011preference,
  title={Preference elicitation and inverse reinforcement learning},
  author={Rothkopf, Constantin A and Dimitrakakis, Christos},
  booktitle={Machine Learning and Knowledge Discovery in Databases},
  pages={34--48},
  year={2011},
  publisher={Springer}
}

@inproceedings{klein2012inverse,
  title={Inverse reinforcement learning through structured classification},
  author={Klein, Edouard and Geist, Matthieu and Piot, Bilal and Pietquin, Olivier},
  booktitle={Advances in Neural Information Processing Systems},
  pages={1007--1015},
  year={2012}
}

@article{kavraki1996probabilistic,
  title={Probabilistic roadmaps for path planning in high-dimensional configuration spaces},
  author={Kavraki, Lydia E and {\v{S}}vestka, Petr and Latombe, Jean-Claude and Overmars, Mark H},
  journal={Robotics and Automation, IEEE Transactions on},
  volume={12},
  number={4},
  pages={566--580},
  year={1996},
  publisher={IEEE}
}

@article{lavalle1998rapidly,
  title={Rapidly-Exploring Random Trees A ?ew Tool for Path Planning},
  author={LaValle, Steven M},
  year={1998}
}

@inproceedings{jaillet2008transition,
  title={Transition-based RRT for path planning in continuous cost spaces},
  author={Jaillet, L{\'e}onard and Cort{\'e}s, Juan and Sim{\'e}on, Thierry},
  booktitle={Intelligent Robots and Systems, 2008. IROS 2008. IEEE/RSJ International Conference on},
  pages={2145--2150},
  year={2008},
  organization={IEEE}
}


@article{karaman2011sampling,
  title={Sampling-based algorithms for optimal motion planning},
  author={Karaman, Sertac and Frazzoli, Emilio},
  journal={The International Journal of Robotics Research},
  volume={30},
  number={7},
  pages={846--894},
  year={2011},
  publisher={Sage Publications}
}


 
% An example of a IEEEtran control entry which can change some IEEEtran.bst
% settings. An entry like this must be cited via \bstctlcite{} command
% before the first real \cite{}. The same entry key cannot be called twice
% (just like multiple \cite{} of the same entry key place only one entry
% in the bibliography.)
% The available control fields are:
% 
% CTLuse_article_number
% "no" turns off the display of the number for articles.
% "yes" enables
%
% CTLuse_paper
% "no" turns off the display of the paper and type fields in inproceedings.
% "yes" enables
% 
% CTLuse_forced_etal 
% "no" turns off the forced use of "et al."
% "yes" enables
% 
% CTLmax_names_forced_etal
% The maximum number of names that can be present beyond which an "et al."
% usage is forced. Be sure that CTLnames_show_etal (below)
% is not greater than this value!
% 
% CTLnames_show_etal
% The number of names that will be shown with a forced "et al.".
% Must be less than or equal to CTLmax_names_forced_etal
% 
% CTLuse_alt_spacing 
% "no" turns off the alternate interword spacing for entries with URLs.
% "yes" enables
% 
% CTLalt_stretch_factor
% If alternate interword spacing for entries with URLs is enabled, this is
% the interword spacing stretch factor that will be used. For example, the
% default "4" here means that the interword spacing in entries with URLs can
% stretch to four times normal. Does not have to be an integer.
% 
% CTLdash_repeated_names
% "no" turns off the "dashification" of repeated (i.e., identical to those
% of the previous entry) names. IEEE normally does this.
% "yes" enables
% 
% CTLname_format_string
% The name format control string as explained in the BibTeX style hacking
% guide.
% IEEE style "{f.~}{vv~}{ll}{, jj}" is the default,
% 
% CTL_name_latex_cmd
% A LaTeX command that each name will be fed to (e.g., "\textsc").
% Leave empty if no special font is desired for the names.
% The default is empty.
% 
% Those fields that are not to be changed can be left out or empty.
@IEEEtranBSTCTL{IEEEexample:BSTcontrol,
  CTLuse_article_number     = "yes",
  CTLuse_paper              = "yes",
  CTLuse_forced_etal        = "no",
  CTLmax_names_forced_etal  = "10",
  CTLnames_show_etal        = "1",
  CTLuse_alt_spacing        = "yes",
  CTLalt_stretch_factor     = "4",
  CTLdash_repeated_names    = "yes",
  CTLname_format_string     = "{f.~}{vv~}{ll}{, jj}",
  CTLname_latex_cmd         = ""
};



